<?xml version="1.0" encoding="UTF-8"?><collection xmlns="http://www.loc.gov/MARC21/slim"><record><leader>00639nam--2200181-u-4500</leader><controlfield tag="001">000055801</controlfield><controlfield tag="002">20161230</controlfield><controlfield tag="005">20161230201052</controlfield><controlfield tag="008">130715s1000------------r-----000-0-eng-d</controlfield><datafield ind1=" " ind2=" " tag="020"><subfield code="a">920102200X</subfield></datafield><datafield ind1=" " ind2=" " tag="040"><subfield code="a">IFIN-HH</subfield></datafield><datafield ind1="1" ind2=" " tag="110"><subfield code="a">International Atomic Energy Agency</subfield></datafield><datafield ind1="1" ind2="0" tag="245"><subfield code="a">Absorbed dose determionation in external beam radiotherapy</subfield><subfield code="b">Bsorbed dose toan international code of practice for dosimetry based on standards of absorbed dose of water</subfield></datafield><datafield ind1=" " ind2=" " tag="260"><subfield code="a">Vienna</subfield><subfield code="b">International Atomic Energy Agency</subfield><subfield code="c">2000</subfield></datafield><datafield ind1=" " ind2=" " tag="300"><subfield code="a">229P</subfield></datafield><datafield ind1=" " ind2=" " tag="490"><subfield code="a">Technical Reports Series</subfield><subfield code="v">No. 398</subfield></datafield><datafield ind1=" " ind2=" " tag="852"><subfield code="a">1875</subfield><subfield code="c">621.039</subfield></datafield><datafield ind1=" " ind2=" " tag="CAT"><subfield code="a">Sys</subfield><subfield code="c">20130715</subfield><subfield code="h">175729</subfield></datafield></record></collection>